1514 2424
518 109 609 142 ΗΒ.
641 108 689 140 11.
720 99 790 147 vii,
820 96 907 139 viii.

657 318 776 356 VIII.

269 450 365 490 Ulla
389 448 422 489 si
449 448 541 488 iuris
568 446 640 487 tibi
666 445 827 498 peierati

269 526 410 565 poena,
438 512 591 559 Barine,
619 510 818 550 nocuisset
845 521 1047 558 umquam,

270 578 390 617 dente
416 575 450 614 si
478 574 589 626 nigro
614 575 727 613 fieres
754 574 816 612 vel
843 584 924 611 uno

378 638 524 689 turpior
550 636 684 687 ungui,

269 773 493 812 crederem:
529 772 600 811 sed
628 778 670 810 tu
697 769 816 809 simul
842 768 1024 819 obligasti

271 833 463 888 perfidum
490 835 591 875 votis
618 843 748 885 caput,
779 833 962 873 enitescis

272 899 469 952 pulchrior
496 900 622 938 multo
649 899 915 947 iuvenumque
941 895 1073 947 prodis

379 963 538 1015 publica
564 975 668 1002 cura.

274 1094 433 1146 expedit
460 1094 595 1134 matris
623 1095 773 1133 eineres
801 1099 961 1142 opertos

274 1161 407 1199 fallere
434 1167 475 1198 et
502 1166 587 1198 toto
616 1158 808 1197 taciturna
833 1157 962 1196 noctis

276 1221 388 1272 sigua
413 1233 505 1259 cum
532 1221 644 1259 caelo
670 1219 878 1269 gelidaque
905 1218 1018 1257 divos

384 1292 509 1324 morte
537 1283 714 1323 carentis.

277 1419 377 1458 ridet
403 1419 492 1466 hoe,
521 1417 695 1467 inquam,
725 1417 860 1454 Venus
887 1413 982 1463 ipsa,
1013 1412 1142 1452 rident

281 1480 477 1532 simplices
506 1480 725 1530 Nymphae,
754 1478 857 1516 ferus
885 1485 923 1515 et
952 1475 1121 1525 Cupido,

280 1558 435 1595 semper
461 1543 633 1583 ardentis
660 1555 807 1582 acuens
834 1540 993 1591 sagittas

387 1615 476 1646 cote
502 1613 672 1646 cruenta.

282 1740 386 1779 adde
413 1739 521 1790 quod
548 1739 675 1789 pubes
703 1735 774 1776 tibi
802 1735 941 1775 crescit
968 1733 1107 1779 omnis,

283 1802 445 1842 servitus
472 1802 609 1841 crescit
637 1814 750 1848 nova,
781 1812 855 1838 nec
882 1798 1030 1848 priores

282 1866 428 1916 impiae
454 1873 601 1904 tectum
629 1863 814 1904 dominae
840 1863 1073 1912 relinquunt,

389 1942 508 1979 saepe
535 1927 684 1967 minati.

285 2071 325 2102 te
351 2062 432 2101 suis
459 2069 602 2101 matres
629 2067 810 2100 metuunt
838 2057 1023 2104 iuvencis,

285 2134 326 2166 te
353 2139 467 2165 senes
493 2125 612 2175 parci,
641 2124 883 2173 miseraeque
910 2135 1035 2172 nuper

287 2188 455 2239 virgines
481 2196 638 2238 nuptae,
667 2195 734 2225 tua
761 2199 813 2225 ne
838 2186 1006 2224 retardet

390 2265 485 2291 aura
511 2251 679 2290 maritos

1349 1169 1390 1193 10

1354 1551 1391 1584 ι5
