1514 2424
553 125 644 159 Lm.
677 127 727 159 11.
759 118 815 167 iii,
834 118 896 177 jv.

688 330 755 369 1v.

258 467 336 507 Ne
362 466 414 507 sit
439 465 605 507 ancillae
633 465 702 506 tibi
729 477 839 505 amor
866 463 1019 516 pudori,

273 531 448 570 Xanthia
474 531 652 571 Phoceu!
689 531 797 581 prius
824 529 1060 568 insolentem
1120 558 1125 560 .

273 608 383 636 serva
410 595 551 635 Briseis
577 595 694 635 niveo
721 596 855 634 colore

379 659 501 699 movit
528 659 748 706 Achillem3

275 789 397 839 movit
423 790 587 831 Aiacem
614 791 833 830 Telamone
861 796 996 828 natum

274 855 399 894 forma
424 854 605 904 captivae
632 854 839 894 dominum
867 855 1128 898 Tecmessae;

275 917 366 958 arsit
393 919 551 958 Atrides
578 918 712 958 medio
739 918 780 957 in
807 918 1007 968 triumpho

383 982 530 1034 virgine
557 990 679 1034 rapta,

277 1114 464 1154 barbarae
491 1121 703 1164 postquam
730 1111 908 1152 cecidere
936 1118 1086 1149 turmae

276 1179 471 1218 Thessalo
497 1178 645 1217 victore
672 1186 713 1217 et
739 1177 951 1227 ademptus
981 1177 1132 1214 Hector

277 1241 439 1281 tradidit
464 1241 574 1281 sessis
602 1242 748 1280 leviora
775 1240 860 1280 tolli

387 1308 575 1357 Pergama
602 1306 727 1345 Grais.

281 1433 432 1474 nescias
459 1446 510 1473 an
538 1441 577 1472 te
604 1445 790 1484 generum
818 1431 924 1471 beati

282 1498 470 1549 Phyllidis
498 1499 619 1537 flavae
648 1498 835 1536 decorent
864 1502 1070 1546 parentes:

281 1563 429 1615 regium
455 1570 561 1601 certe
587 1574 712 1612 genus
738 1569 778 1600 et
806 1559 959 1611 penatis

387 1634 534 1666 maeret
562 1625 728 1676 iniquos.

285 1759 403 1798 crede
429 1770 511 1796 non
539 1757 646 1796 illam
673 1755 745 1796 tibi
772 1757 824 1795 de
851 1756 1018 1794 scelesta

285 1823 401 1872 plebe
427 1821 623 1867 dilectam,
653 1832 782 1869 neque
811 1819 867 1858 sic
896 1819 1067 1864 fidelem,

285 1886 342 1924 sic
368 1886 476 1924 lucro
503 1896 677 1923 aversam
706 1882 881 1932 potuisse
909 1881 1017 1920 nasci

391 1956 515 1987 matre
543 1947 738 1997 pudenda.

288 2076 470 2116 bracchia
497 2083 536 2114 et
565 2076 714 2113 vultum
742 2073 953 2122 teretisque
980 2084 1090 2110 suras

289 2141 438 2190 integer
463 2140 609 2179 laudo:
645 2139 736 2188 fuge
763 2136 960 2186 suspicari,

288 2203 398 2243 cuius
424 2212 605 2243 octavum
632 2201 839 2251 trepidavit
865 2209 973 2239 aetas

395 2267 577 2305 claudere
603 2266 777 2304 lustrum.

1352 1187 1393 1211 10

1354 1570 1394 1605 Ι5
