1514 2424
511 87 603 121 Lm.
634 87 682 120 11.
714 79 804 128 xvi,
834 78 937 120 xvii.
1338 85 1391 127 ¹9

659 231 796 270 xvn.

275 340 360 380 Cur
385 352 450 379 me
476 338 659 390 querellis
685 337 884 377 exanimas
913 336 1018 376 tuis?

276 417 351 444 nec
378 404 440 444 dis
467 403 639 442 amicum
666 409 727 442 est
755 415 830 442 nec
858 401 953 440 mihi
982 409 1021 440 te
1050 400 1159 452 prius

329 467 450 514 obire,
480 468 706 511 Maecenas,
734 479 911 505 mearum

382 533 530 583 grande
558 533 682 572 decus
708 531 972 581 columenque
999 543 1137 570 rerum.

283 621 321 656 a,
349 615 389 648 te
416 620 529 647 meae
556 607 588 646 si
617 615 768 658 partem
795 606 950 646 animae
977 604 1077 656 rapit
1371 617 1391 652 5

278 670 466 711 maturior
487 672 557 718 vis,
586 671 682 721 quid
710 683 841 710 moror
867 671 999 715 altera,

331 749 408 776 nec
435 748 548 774 mrus
575 747 702 786 aeque
730 747 805 774 nec
833 741 1030 785 superstes

384 799 564 850 integer?
598 798 664 838 ille
690 797 776 838 dies
803 805 1009 847 utramque

279 875 399 914 ducet
425 875 589 913 ruinam.
646 886 728 912 non
756 885 830 923 ego
857 873 1051 923 perfidum

279 938 361 978 dixi
389 944 702 976 sacramentum:
741 935 896 982 ibimus,
926 935 1083 982 ibimus,
1354 949 1395 973 10

332 1010 547 1052 utcumque
574 1001 799 1051 praecedes,
829 1013 1056 1050 supremum

386 1079 546 1117 oerpere
574 1065 645 1104 iter
671 1066 837 1104 comites
864 1064 996 1114 parati.

281 1156 345 1183 me
372 1156 446 1182 nec
475 1141 707 1183 Chimaerae
734 1140 891 1190 spiritus
919 1140 1068 1190 igneae,

282 1219 367 1253 nec,
397 1205 430 1245 si
456 1213 640 1256 resurgat,
668 1203 916 1243 centimanus
944 1204 1050 1253 Gyas

334 1270 494 1310 divellet
522 1281 734 1318 umquam:
771 1267 828 1306 sic
855 1266 1010 1317 potenti
1356 1277 1395 1313 15

389 1332 566 1372 Iustitiae
593 1330 859 1382 placitumque
887 1330 1028 1369 Parcis.

283 1421 352 1448 seu
380 1407 498 1446 Libra
525 1419 594 1446 seu
622 1419 687 1445 me
714 1405 898 1455 Scorpios
925 1405 1065 1455 aspicit

283 1472 572 1518 formidulosus,
600 1483 689 1521 pars
716 1469 923 1509 violentior

336 1535 477 1574 natalis
503 1535 635 1582 horae,
663 1547 734 1574 seu
757 1542 943 1583 tyrannus

391 1600 611 1650 Hesperiae
637 1598 898 1650 Capricornus
924 1598 1068 1645 undae,
1353 1612 1398 1636 ω

284 1683 495 1725 utrumque
520 1682 698 1715 nostrum
725 1673 943 1713 incredibili
970 1674 1093 1712 modo

284 1740 480 1780 consentit
507 1747 664 1779 astrum.
723 1747 764 1779 te
792 1738 899 1778 Iovis
925 1737 1050 1788 impio

338 1804 460 1842 tutela
487 1804 653 1842 Saturno
679 1803 874 1852 refulgens

391 1867 532 1917 eripuit
558 1866 804 1917 volucrisque
830 1866 899 1904 sati

138 1981 233 2005 xvu.
253 1983 301 2012 14.
348 1973 406 2004 All
429 1973 485 2005 the
508 1981 586 2004 uss.
602 1973 687 2003 have
703 1973 809 2014 gigas,
830 1972 897 2002 and
920 1982 1011 2003 some
1033 1971 1204 2003 scholiasts
1222 1968 1396 2011 explained

76 2025 191 2058 thisas
204 2026 359 2068 moenmg
374 2026 535 2058 Briareus.
580 2026 762 2057 Lambinus
778 2026 855 2057 read
872 2027 922 2064 (as
943 2025 1013 2056 also
1035 2025 1070 2056 in
1093 2033 1148 2056 ιη.
1168 2038 1198 2064 4.
1218 2023 1274 2065 69)
1299 2025 1395 2063 Gyas,

75 2079 152 2111 who
179 2080 209 2112 is
232 2079 416 2122 frequently
438 2080 559 2111 named
584 2080 618 2111 in
645 2079 805 2111 Hesiod's
836 2079 1003 2120 771eogony
1025 2079 1091 2110 and
1118 2079 1152 2110 in
1179 2078 1280 2110 Ovid.
1324 2077 1397 2108 The

76 2143 197 2175 proper
209 2144 307 2166 name
321 2144 427 2166 seems
446 2134 553 2165 better
570 2133 660 2165 here.
709 2133 800 2173 Gyas
821 2131 927 2173 (Γύης)
947 2133 975 2164 is
994 2133 1065 2164 also
1084 2133 1207 2164 known
1227 2143 1263 2163 as
1286 2133 1392 2172 Gyges,

76 2186 136 2218 but
160 2186 218 2218 the
237 2187 388 2229 quantity
409 2186 448 2219 os
468 2187 526 2219 the
547 2186 616 2218 first
637 2186 776 2228 syllable
799 2186 839 2218 of
863 2186 962 2227 Gyges
983 2197 1088 2218 seems
1110 2192 1146 2218 to
1171 2186 1213 2218 be
1238 2186 1317 2227 long
1341 2183 1395 2224 (cs-

78 2247 119 2271 11.
134 2248 166 2280 5.
182 2240 248 2278 ιο).

1188 2351 1287 2375 2—-2
