1514 2424
530 103 620 137 Lm
651 104 700 136 11.
733 95 792 143 xi,
822 94 896 135 xii.
1325 103 1374 145 13

659 276 758 315 XII.

264 373 378 415 Nolis
405 375 523 426 longa
548 374 653 413 serae
679 373 783 412 bella
811 371 1049 411 Numantiae

264 450 339 477 nec
368 437 510 477 durum
542 435 812 475 Hannibalem
841 448 916 474 nec
944 435 1118 475 Siculum
1146 446 1253 473 mare

263 503 400 542 Poeno
427 514 663 552 purpureum
691 499 883 551 sanguine
909 499 1094 539 mollibus

369 565 494 616 aptari
522 565 693 604 citharae
719 564 862 610 modis,

265 661 341 688 nec
367 659 507 687 saevos
536 646 723 697 Lapithas
750 654 790 685 et
817 644 982 684 nimium
1011 658 1120 684 mero
1361 657 1380 692 5

267 713 466 762 Hylaeum
494 710 745 760 domitosque
775 711 973 748 Herculea
1000 722 1121 748 manu

265 775 434 815 Telluris
461 774 631 820 iuvenes,
661 775 767 813 unde
795 773 1012 824 periculum

372 832 524 890 fulgens
552 837 788 878 contremuit
814 839 958 876 domus

267 920 422 960 Saturni
450 919 612 959 veteris:
650 927 774 968 tuque
802 917 1050 967 pedestribus

268 985 378 1024 dices
404 982 572 1022 historiis
600 982 748 1033 proelia
775 981 967 1029 Caesaris,
1342 996 1383 1020 10

271 1050 497 1094 Maecenas,
525 1045 665 1086 melius
691 1047 888 1096 ductaque
916 1058 985 1096 per
1011 1046 1092 1084 vias

375 1124 510 1163 regum
537 1112 640 1150 colla
666 1110 890 1149 minacium.

271 1206 337 1233 me
363 1193 489 1232 dulcis
516 1191 703 1232 dominae
732 1193 850 1231 Musa
878 1191 1106 1242 Licymniae

271 1266 423 1304 mutus,
451 1269 516 1296 me
543 1256 666 1295 voluit
693 1255 824 1295 dicere
852 1255 1029 1294 lucidum

271 1321 454 1373 fulgentis
482 1322 617 1360 oculos
645 1329 685 1360 et
710 1322 815 1360 bene
842 1320 987 1359 mutuis
1346 1334 1384 1368 15

378 1385 501 1422 fidum
529 1391 667 1434 pectus
694 1381 917 1430 amoribus;

272 1478 393 1516 quam
419 1477 496 1504 nec
523 1466 621 1503 ferre
648 1464 793 1514 pedem
821 1462 1007 1502 dedecuit
1034 1462 1162 1502 choris

274 1543 350 1569 nec
376 1537 523 1568 certare
550 1528 640 1568 ioco
668 1541 743 1567 nec
770 1528 863 1566 dare
890 1528 1074 1566 bracchia

274 1595 476 1634 ludentem
503 1593 637 1632 nitidis
663 1593 876 1644 virginibus
903 1604 1014 1630 sacro

382 1657 538 1697 Dianae
563 1657 728 1697 celebris
755 1656 831 1696 die.
1344 1671 1388 1694 20

276 1752 372 1778 num
399 1746 443 1778 tu
469 1751 573 1788 quae
599 1738 726 1778 tenuit
752 1738 864 1778 dives
891 1738 1164 1776 Achaemenes

277 1811 344 1842 aut
371 1802 527 1853 pinguis
556 1801 746 1852 Phrygiae
774 1801 1012 1851 Mygdonias
1039 1813 1136 1851 opes

277 1874 498 1917 permutare
524 1865 619 1905 velis
646 1865 753 1904 crine
781 1864 1022 1914 Licymniae,

384 1931 520 1980 plenas
547 1936 614 1968 aut
641 1929 816 1967 Arabum
843 1928 998 1974 domos,

131 2046 199 2070 ΧΠ.
223 2048 255 2070 2.
298 2037 423 2068 durum
449 2037 478 2069 is
503 2037 537 2068 in
563 2036 609 2067 all
637 2043 714 2067 uss.
764 2035 863 2068 Some
893 2034 971 2066 edd.
1001 2034 1080 2067 roed
1107 2035 1222 2066 dirum
1250 2035 1390 2066 because

67 2092 254 2133 Quintilian
277 2089 374 2131 (vlu.
398 2101 429 2122 α.
445 2089 479 2132 9)
502 2095 619 2132 quotes
642 2089 803 2121 Horace's
823 2099 928 2120 acrem
947 2088 1060 2120 tibiam
1080 2089 1147 2119 aud
1166 2088 1389 2119 Hannibalem

65 2146 180 2177 dirum
201 2154 239 2176 as
259 2144 426 2186 emmples
447 2143 487 2175 of
496 2143 632 2185 proprie
652 2143 785 2181 dictum,
808 2142 849 2174 id
862 2146 917 2181 est,
934 2153 997 2184 quo
1016 2142 1110 2173 nihil
1128 2141 1279 2173 inveniri
1290 2146 1393 2183 potest

66 2199 321 2242 significantius.
367 2199 431 2230 But
445 2198 471 2229 it
486 2198 515 2229 is
528 2197 690 2229 sufficient
707 2202 743 2228 to
762 2206 904 2238 suppose
925 2195 996 2227 that
1017 2195 1133 2236 Quint-
1151 2205 1216 2226 was
1236 2195 1391 2236 referring

67 2259 104 2286 to
118 2261 177 2285 ιη.
191 2252 225 2284 6.
242 2252 293 2293 36.
