1514 2424
493 146 584 181 LlB.
612 146 662 180 11.
693 137 939 189 xvii—xix.
1327 144 1378 176 21

267 245 366 298 quid
391 247 503 298 quod
528 259 654 298 usque
679 245 881 297 proximos

373 311 527 351 revellis
553 312 635 362 agri
663 310 852 351 terminos
878 317 918 350 et
945 310 1046 349 ultra

268 376 412 417 limites
438 375 641 416 clientium
1344 386 1385 422 ²5

374 441 466 481 salis
492 441 663 480 avarus?
696 439 854 492 pellitur
880 446 1064 491 paternos

267 506 311 546 in
338 506 427 546 sinu
452 507 582 546 ferens
608 506 707 546 deos

376 579 416 612 et
444 584 543 611 uxor
569 579 610 611 et
636 569 695 610 vir
722 569 983 620 sordidosque
1009 577 1134 609 natos.

269 637 379 676 nulla
405 635 547 676 certior
573 643 708 675 tamen

376 700 529 751 rapacis
556 700 649 740 Orci
678 700 757 739 fine
782 698 979 739 destinata
1347 711 1390 745 30

271 765 360 804 aula
386 765 550 804 divitem
578 772 711 804 manet

378 835 499 868 erum.
556 828 651 880 quid
679 829 779 868 ultra
806 827 967 867 tendis?
1001 839 1129 878 aequa
1155 827 1271 866 tellus

273 894 437 945 pauperi
463 893 678 933 recluditur

379 971 594 1010 regumque
622 957 765 1009 pueris,
794 970 871 996 nec
897 957 1053 996 satelles
1081 955 1175 997 Orci

209 1075 214 1078 ὓ
274 1024 460 1063 callidum
490 1023 724 1062 Promethea
1347 1035 1389 1070 35

380 1088 528 1128 revexit
554 1100 649 1127 auro
676 1094 838 1137 mptus:
873 1086 940 1126 hic
966 1087 1179 1137 superbum

275 1155 488 1193 Tantalum
516 1161 636 1203 atque
662 1151 819 1191 Tantali

381 1231 507 1268 genus
534 1224 701 1264 coercet,
730 1215 796 1254 hic
823 1217 953 1255 levare
979 1217 1159 1254 functum

275 1295 490 1334 pauperem
517 1281 718 1320 laboribus

382 1355 544 1387 vocatus
571 1355 691 1396 atque
719 1358 801 1384 non
829 1352 992 1384 vocatus
1019 1345 1140 1384 audit.
1348 1361 1394 1392 40

670 1461 784 1498 XIX.

280 1554 480 1591 Bacchum
506 1551 548 1590 in
576 1551 735 1591 remotis
762 1550 937 1590 oermina
962 1550 1126 1601 rupibus

281 1617 359 1656 vidi
388 1618 610 1663 docentem,
640 1616 788 1655 credite
814 1615 972 1666 posteri,

337 1681 618 1732 Nymphasque
645 1681 832 1720 discentis
859 1689 900 1720 et
926 1681 1029 1720 auris

387 1746 644 1796 mpripedum
670 1747 893 1796 Satyrorum
920 1753 1066 1784 acutas.

282 1824 422 1869 euhoe,
450 1821 596 1861 recenti
624 1835 736 1860 mens
763 1821 932 1871 trepidat
959 1829 1068 1860 metu
1374 1833 1393 1868 5

281 1889 480 1938 plenoque
510 1886 652 1925 Bacchi
680 1893 839 1936 pectore
866 1886 1068 1924 turbidum

335 1953 522 1990 laetatur:
559 1951 698 1997 euhoe,
727 1963 844 2000 parce
872 1950 1003 1996 Liber,

388 2028 506 2065 parce
532 2016 637 2065 gravi
666 2015 879 2053 metuende
905 2015 1061 2064 thyrso!

135 2112 246 2137 xvnl.
263 2115 316 2145 30.
360 2103 502 2142 Servius,
520 2103 578 2134 the
591 2106 832 2134 commentator
846 2113 891 2133 on
906 2101 1032 2143 Vergil,
1048 2112 1155 2133 seems
1170 2107 1205 2133 to
1219 2101 1304 2133 have
1318 2100 1396 2133 roed

71 2158 139 2189 sale
152 2157 291 2199 foi-fine,
306 2157 358 2188 sor
371 2157 414 2188 he
428 2162 544 2198 quotes
565 2156 631 2187 this
650 2156 718 2186 line
740 2154 798 2195 (on
820 2157 905 2187 Aen.
922 2163 974 2186 vl.
995 2158 1068 2196 152)
1085 2155 1165 2187 with
1187 2155 1245 2187 the
1266 2155 1398 2197 presaoe

71 2210 252 2251 sepulcrum
267 2209 350 2241 sodes
362 2214 507 2241 vocatur.
554 2209 618 2240 His
633 2208 823 2250 quotations
838 2219 895 2240 are
909 2207 1001 2239 often
1014 2210 1200 2240 inaccurate
1219 2208 1286 2239 and
1305 2208 1398 2239 there

73 2263 102 2294 is
120 2273 165 2293 no
184 2262 350 2303 authority
364 2262 415 2293 for
432 2262 501 2294 sale
522 2262 557 2293 in
577 2262 635 2293 the
655 2269 733 2292 uss.
750 2261 787 2292 os
809 2262 892 2292 Hor.
944 2261 1036 2293 Even
1059 2262 1094 2293 in
1114 2260 1248 2293 Servius
1266 2261 1402 2292 himself

74 2322 160 2349 most
176 2323 253 2348 uss.
270 2317 347 2348 read
353 2315 437 2358 fine.
