1514 2424
567 95 658 128 Lm.
688 94 737 127 11.
768 99 807 133 v,
836 82 891 125 vi.

697 304 770 342 VI.

286 437 463 491 Septimi,
491 435 617 477 Gadis
643 433 797 474 aditure
824 444 978 472 mecum
1007 438 1047 470 et

287 504 530 546 Cantabrum
558 501 764 540 indoctum
793 498 886 548 iuga
911 498 1009 536 serre
1037 503 1170 534 nostra
1197 500 1237 532 et

287 569 473 609 barbaras
499 564 631 617 Syrtis,
659 563 728 603 ubi
758 564 900 602 Maura
925 572 1081 610 semper

394 637 545 672 aestuat
572 629 705 669 unda:

290 763 415 803 'ribm
441 764 572 813 Argeo
598 759 771 811 positum
799 758 944 797 colono

293 828 343 868 sit
369 833 483 866 meae
510 825 625 865 sedes
652 823 804 862 utinam
832 828 1026 865 senectae,

294 890 344 930 sit
370 890 512 929 modus
538 889 643 926 lasso
670 885 787 925 maris
814 892 854 923 et
880 883 1029 922 viarum

401 953 653 1002 militiaeque.

295 1086 404 1126 unde
429 1084 463 1123 si
492 1085 638 1122 Parme
665 1081 876 1131 prohibent
903 1077 1072 1128 iniquae,

296 1152 415 1192 dulce
442 1148 586 1200 pellitis
614 1146 756 1186 ovibus
783 1142 943 1184 Galaesi

298 1215 446 1254 flumen
472 1220 513 1252 et
539 1218 699 1262 regnata
725 1216 859 1260 petam
887 1205 1037 1247 Laconi

405 1289 494 1316 rura
521 1274 753 1314 Phalantho.

301 1409 368 1448 ille
394 1416 582 1447 terrarum
610 1404 705 1443 mihi
733 1411 884 1454 praeter
911 1401 1042 1440 omnis

302 1473 468 1523 angulus
494 1470 607 1516 ridet,
637 1467 706 1507 ubi
732 1480 815 1506 non
847 1467 1040 1516 Hymetto

303 1538 422 1576 mella
447 1534 648 1574 decedunt
675 1531 868 1581 viridique
894 1537 1017 1568 certat

410 1599 511 1638 baoe.
536 1596 721 1641 Venafro,

306 1743 373 1770 ver
398 1729 467 1768 ubi
492 1730 655 1779 longum
682 1725 916 1777 tepidasque
942 1724 1105 1774 praebet

309 1793 484 1843 Iuppiter
511 1792 670 1830 brumas
697 1798 738 1829 et
764 1789 915 1828 amicus
944 1789 1075 1826 Aulon

307 1856 424 1897 fertili
450 1856 611 1894 Baccho
637 1853 843 1892 minimum
871 1851 1045 1890 Falernis

415 1920 566 1958 invidet
592 1918 687 1956 uvis.

312 2051 379 2090 ille
404 2058 444 2089 te
471 2062 627 2088 mecum
655 2049 768 2087 locus
795 2055 834 2086 et
861 2049 1001 2086 beatae

313 2114 512 2164 postulant
539 2124 659 2158 arcae,
687 2111 742 2150 ibi
771 2119 813 2149 tu
840 2112 1036 2149 calentem

316 2177 453 2217 debita
478 2189 635 2226 sparges
662 2175 823 2214 lacrima
848 2175 1019 2213 favillam

423 2239 521 2278 vatis
546 2238 673 2277 amici.

1374 1152 1415 1176 10

1380 1537 1419 1572 15
