1514 2424
175 2384 276 2412 G-R.

523 91 615 124 un.
646 91 694 124 11.
725 81 949 125 xiv—xvi.

683 232 772 271 XV.

285 311 372 349 Iam
400 324 527 362 pauoe
553 319 682 352 aratro
709 312 841 362 iugera
867 310 999 362 regiae

284 377 409 414 moles
436 375 670 426 relinquent,
699 377 874 427 undique
902 376 1018 415 latius

337 447 495 480 extenta
521 439 696 480 visentur
723 441 893 480 Lucrino

390 512 527 556 stagna
552 506 640 544 lacu
667 506 931 556 platanusque
958 504 1115 544 caelebs

283 587 439 626 evincet
464 587 616 626 ulmos:
653 594 736 626 tum
763 586 923 627 violaria
949 595 991 627 et

283 659 432 702 myrtus
459 659 499 692 et
527 651 656 691 omnis
682 651 799 702 copia
826 651 979 691 narium

337 724 519 767 spargent
546 716 699 756 olivetis
726 718 891 756 odorem

383 781 581 820 ‚fertilibus
608 780 774 820 domino
800 780 931 832 priori,

283 868 369 902 tum
397 862 520 913 spissa
546 862 664 902 ramis
691 863 823 902 laum
849 862 1020 902 fervidos

284 928 465 966 excludet
493 927 604 976 ictus,
637 940 719 966 non
746 927 801 966 ita
829 928 992 966 Romuli

336 992 616 1043 praescriptum
643 1000 684 1031 et
711 991 857 1031 intonsi
886 991 1050 1032 Catonis

389 1055 574 1106 auspiciis
600 1054 854 1107 veterumque
882 1069 1030 1096 norma.

284 1137 457 1188 privatus
483 1138 560 1178 illis
586 1151 730 1179 oensus
758 1147 839 1179 erat
866 1139 1005 1184 brevis,

282 1215 495 1242 commune
522 1217 734 1254 magnum:
772 1205 882 1242 nulla
907 1202 1161 1254 decempedis

336 1275 484 1308 metata
510 1268 669 1318 privatis
696 1281 863 1318 opacam

388 1332 563 1382 porticus
588 1332 808 1383 excipiebat
837 1333 998 1380 Arcton,

284 1425 359 1451 nec
385 1414 587 1452 fortuitum
615 1426 798 1464 spernere
825 1412 1038 1463 caespitem

284 1478 389 1527 leges
417 1477 610 1525 sinebant,
639 1477 790 1528 oppida
815 1476 976 1527 publico

338 1550 495 1591 sumptu
523 1541 702 1581 iubentes
730 1549 769 1581 et
796 1541 960 1580 deorum

390 1606 539 1655 templa
564 1619 672 1646 novo
698 1606 885 1646 decorare
911 1618 1016 1645 saxo.

680 1745 791 1782 XVI.

285 1834 422 1874 Otium
450 1833 562 1874 divos
588 1843 698 1885 rogat
725 1836 766 1874 in
794 1835 943 1886 patenti

283 1911 447 1948 prensus
474 1901 645 1948 Aegaeo,
675 1898 793 1938 simul
820 1908 903 1939 atra
931 1901 1055 1940 nubes

284 1962 462 2001 condidit
487 1963 621 2000 lunam
648 1976 779 2013 neque
806 1970 913 2004 certa
940 1966 1090 2015 fulgent
1137 1994 1142 1995 κ

390 2026 517 2066 sidera
545 2026 698 2074 nautis;

283 2106 407 2145 otium
436 2107 541 2146 bello
567 2108 711 2146 furiosa
738 2109 903 2156 Thrace,

283 2169 409 2208 otium
437 2170 550 2209 Medi
575 2172 756 2221 pharetra
782 2172 928 2220 decori,

283 2233 477 2284 Grosphe‚
506 2247 589 2274 non
614 2235 780 2285 gemmis
806 2249 938 2287 neque
963 2250 1133 2288 purpura
1159 2250 1221 2277 ve-

389 2298 480 2337 nale
506 2311 635 2348 neque
662 2312 767 2338 auro.

302 2386 347 2413 11.

1348 90 1399 132 17

1359 941 1400 966 10

1359 1281 1397 1315 ¹5
